@article{
    shit1,
    author = {S. Riezler and M. Hagmann },
    year = {2022},
    number = {14},
    journal="Synthesis Lectures on Human Language Technologies",
    title = {Validity, reliability, and significance: Empirical methods for NLP and data science},
}

@misc{
    m1proproc,
	title="Apple: Small chip. Giant leap [Электронный ресурс]",
	howpublished="Режим доступа URL: \url{https://www.apple.com/mac/m1/} (дата обращения 10.11.2020)"
}

@misc{
    ventura,
	title="Mac App Store: macOS Ventura [Электронный ресурс]",
	howpublished="Режим доступа URL: \url{https://apps.apple.com/ru/app/macos-ventura/id1638787999?mt=12} (дата обращения 08.07.2024)"
}

@article{
    shit2,
    author = {T. Zhang and A.M. Schoene and S. Ji },
    year = {2022},
    number = {5},
    journal="Npj Digital Medicine",
    title = {Natural language processing applied to mental illness detection: A narrative review},
}

@article{
    shit3,
    author = {S. Khurshid and C. Reeder and L. Harrington },
    year = {2022},
	volume={5},
    number = {47},
    journal="Npj Digital Medicine",
    title = {Cohort design and natural language processing to reduce bias in electronic health records research},
}

@article{
    shit4,
    author = {A. Orea-Giner and L. Fuentes-Moraleda},
    year = {2022},
    number = {93},
    journal="Tourism Management",
    title = {Does the implementation of robots in hotels influence the overall tripadvisor rating? A text mining analysis from the Industry 5.0 approach},
}

@article{
    shit5,
    author = {C. Ledro and A. Nosella and A. Vinelli },
    year = {2022},
    number = {37},
    journal="Journal of Business and Industrial Marketing",
    title = {Artificial intelligence in customer relationship management: Literature review and future research directions},
}

@article{
    shit6,
    author = {T. Nijhawan and G. Attigeri and T. Ananthakrishna },
    year = {2022},
    number = {9},
    journal="Journal of Big Data",
    title = {Stress detection using natural language processing and machine learning over social interactions},
}

@article{
    classificationPromlems,
    author = {Т.С. Катермина and Т.М. Тагиров },
    year = {2022},
    number = {2},
    journal="Computational nanotechnology",
    title = {Элементы искусственного интеллекта в решении задач анализа текстов},
}

@article{
    messageClassification,
    author = {А.А. Овсянников and И.Н. Грызлов and Е.Ю. Голубинский },
    year = {2014},
    number = {8-1},
    journal="Экономика. Информатика",
    title = {Подход к автоматической классификации коротких сообщений на основе модицированного метода Байеса},
}

@article{
    vectorizations,
    author = {А.И. Спивак and С.В. Лапшин and И.С. Лебедев},
    year = {2019},
    number = 10,
    journal="Известия ТулГУ. Технические науки",
    title = {Классификация коротких сообщений с использованием векторизации на основе ELMo},
}

@article{
    bagOfWords,
    author = {Y. Zhang and R. Jin and Z.H. Zhou},
    year = {2010},
	volume=1,
    journal="International Journal of Machine Learning and Cybernetics",
    title = {Understanding bag-of-words model: a statistical framework},
}

@article{
    tfIdf,
    author = {K.S. Jones},
    year = {2004},
	volume=60,
	number=1,
    journal="Journal of Documentation",
    title = {A statistical interpretation of term specificity and its application in retrieval},
}

@article{
    elmo,
    author = {M.E. Peters and M. Neumann and M. Iyyer},
    year = {2018},
	volume=1,
    journal="Proceedings of the 2018 Conference of the North American Chapter of the Association of Computational Linguistics: Human Language Technologies",
    title = {Deep contextualized word representations},
}

@book{
    starsen,
    author={Г.В. Старшенбаум },
	title="Клиническая психология. Суицидология и кризисная терапия",
	publisher="М.: Когито-Центр",
	year=2018,
	pages=376
}

@article{
    rappo,
    author = {L. Rappoport},
    year = {1962},
    number = 3,
    journal="Social Service Review",
    volume=36,
    title = {The state of crisis: some theoretical considerations},
}

@article{
    solov,
    author = {М.Я. Соловейчик},
    year = {2002},
    journal="Мастерство психологического консультирования",
    title = {Кризис и основы кризисной интервенции},
}

@book{
    michlin,
    author="А.Г. Амбрумова and С.В. Бородин and А.С. Михлин ",
	title="Предупреждение самоубийств",
	publisher="М.: Издательство Академии МВД СССР",
	year=1980,
	pages=164
}

@article{
    ticho,
    author = {В.А. Тихоненко },
    year = {1978},
	journal="Актуальные проблемы суицидологии. Труды Московского НИИ психиатрии",
    title = "Классификация суицидальных проявлений"
}

@article{
    integ,
    author = {В.А. Аверин },
    year = {2019},
	number=3,
	journal="Психология человека в образовании",
    title = "Интегративный подход и принципы психологии развития человека"
}

@article{
    grishina,
    author = {Е.В. Гришина },
    year = {2016},
	number=4,
	journal="Народное образование",
    title = "Психологические характеристики образовательной среды и антивитальные переживания подростков"
}

@article{
    word2vec,
    author = {T. Mikolov and K. Ceen},
    year = {2013},
	howpublished="Режим доступа URL: \url{https://arxiv.org/abs/1810.04805} (дата обращения 10.05.2023)",
    title = "Efficient Estimation of Word Representations in Vector Space"
}

@misc{
	glove,
	title="GloVe: Global Vectors for Word Representation [Электронный ресурс]",
	howpublished="Режим доступа URL: \url{https://nlp.stanford.edu/projects/glove/} (дата обращения 08.05.2023)"
}

@article{
    fzpers,
    journal="СПС <<КонсультантПлюс>>",
    title = {Федеральный закон от 27.07.2006 г. № 152-ФЗ <<О персональных данных>>}
}

@misc{
	fuckingSuicideDefinition,
	title="Cambridge Dictionary [Электронный ресурс]",
	howpublished="Режим доступа URL: \url{https://dictionary.cambridge.org/dictionary/english/suicide} (дата обращения 08.05.2023)"
}

@misc{
	suicideVOZ,
	title="Suicide: facts and figures globally [Электронный ресурс]",
	howpublished="Режим доступа URL: \url{https://www.who.int/publications/i/item/WHO-MSD-UCN-MHE-22.03} (дата обращения 08.05.2023)"
}

@article{
    suicidalContent,
    author = {Т.В. Брябрина and А.И. Гиберт and А.В. Штрахова },
    year = {2016},
    number = 3,
    journal="Психология. Психофизиология",
    title = {Опыт контент-анализа суицидальных высказываний в сети Интернет лиц с различным уровнем суицидальной активности}
}

@misc{
	dataset,
	title="Mendeley Data: Dataset for presuicidal signal detection",
	howpublished="Режим доступа URL: \url{https://data.mendeley.com/datasets/86v3z38dc7/1} (дата обращения 11.09.2023)"
}

@misc{
	suicideVOZDouble,
	title="WHO: Suicide [Электронный ресурс]",
	howpublished="Режим доступа URL: \url{https://www.who.int/news-room/fact-sheets/detail/suicide#:~:text=Key%20facts,suicide%20in%20the%20general%20population.} (дата обращения 08.05.2023)"
}

@misc{
	suicideStats,
	title="Centers for Desiase Control and Prevention: Suicide Prevention [Электронный ресурс]",
	howpublished="Режим доступа URL: \url{https://www.cdc.gov/suicide} (дата обращения 08.09.2023)"
}

@misc{
	jvm,
	title="Java Virtual Machine SE8 Specification [Электронный ресурс]",
	howpublished="Режим доступа URL: \url{https://docs.oracle.com/javase/specs/jvms/se8/html/} (дата обращения 08.09.2023)"
}

@misc{
	js,
	title="mdn web docs: JavaScript [Электронный ресурс]",
	howpublished="Режим доступа URL: \url{https://developer.mozilla.org/en-US/docs/Web/JavaScript} (дата обращения 10.12.2023)"
}

@misc{
	nodejs,
	title="Node.js documentation [Электронный ресурс]",
	howpublished="Режим доступа URL: \url{https://nodejs.org/docs/latest/api/} (дата обращения 10.12.2023)"
}

@misc{
	pythonTelegram,
	title="Python-telegram-bot official page [Электронный ресурс]",
	howpublished="Режим доступа URL: \url{https://python-telegram-bot.org/} (дата обращения 10.12.2023)"
}

@misc{
	telebot,
	title="Telebot documentation [Электронный ресурс]",
	howpublished="Режим доступа URL: \url{https://pytba.readthedocs.io/en/latest/} (дата обращения 10.12.2023)"
}

@misc{
	nodeTelegram,
	title="Официальная страница модуля node-telegram-bot-api [Электронный ресурс]",
	howpublished="Режим доступа URL: \url{https://www.npmjs.com/package/node-telegram-bot-api} (дата обращения 10.12.2023)"
}

@misc{
	kotlinTelegram,
	title="Репозиторий проекта kotlin-telegram-bot [Электронный ресурс]",
	howpublished="Режим доступа URL: \url{https://github.com/kotlin-telegram-bot/kotlin-telegram-bot} (дата обращения 10.12.2023)"
}

@misc{
	dostoevsky,
	title="Репозиторий проекта Dostoevsky [Электронный ресурс]",
	howpublished="Режим доступа URL: \url{https://github.com/bureaucratic-labs/dostoevsky} (дата обращения 06.04.2024)"
}

@article{
    Nashkenova,
    author = {Нашкенова А.М., Негай Н.А.},
    year = {2021},
    number = 4,
    journal="Вестник КазНМУ",
    title = {ОЦЕНКА ПСИХОЭМОЦИОНАЛЬНОГО СОСТОЯНИЯ ЛИЦ С СУИЦИДАЛЬНЫМИ ТЕНДЕНЦИЯМИ, В ТОМ ЧИСЛЕ ПОДРОСТКОВ, С ИСПОЛЬЗОВАНИЕМ МОНИТОРИНГА СОЦИАЛЬНЫХ СЕТЕЙ}
}

@article{
    AlimobSuicide,
    author = {Алимов А.О., Алимова Н.И.},
    year = {2023},
    number = 1,
    journal="МНИЖ",
    title = {СОВРЕМЕННОЕ СОСТОЯНИЕ ИССЛЕДОВАНИЙ РИСКА СУИЦИДАЛЬНОГО ПОВЕДЕНИЯ ЛИЧНОСТИ}
}

@article{
    presuicidalSignals,
    author = {И. Буянов and И. Соченков},
    year = {2022},
    journal="Computational Linguistics and Intellectual Technologies:
Proceedings of the International Conference “Dialogue 2022”",
    title = {Датасет для задачи распознавания пресуицидальных сигналов в тексте и его анализ}
}

@book{
    Kasyanov,
    author="В.В. Касьянов",
	title="Суицидальное поведение",
	publisher="М.: Юрайт",
	year=2019,
	pages=330
}

@misc{
	boosting,
	title="Gradient Boosting and XGBoost [Электронный ресурс]",
	howpublished="Режим доступа URL: \url{https://medium.com/@gabrieltseng/gradient-boosting-and-xgboost-c306c1bcfaf5} (дата обращения 10.05.2023)"
}

@misc{
	faceSuicide,
	title="How Facebook (сервис, принадлежащие Meta, признанной в РФ экстремистской организацией, деятельность которой запрещена на территории РФ) AI Helps Suicide Prevention [Электронный ресурс]",
	howpublished="Режим доступа URL: \url{https://about.fb.com/news/2018/09/inside-feed-suicide-prevention-and-ai/} (дата обращения 14.04.2024)"
}

@misc{
	randomforest,
	title="Open Machine Learning Course. Topic 5. Bagging and Random Forest [Электронный ресурс]",
	howpublished="Режим доступа URL: \url{https://medium.com/open-machine-learning-course/open-machine-learning-course-topic-5-ensembles-of-algorithms-and-random-forest-8e05246cbba7} (дата обращения 10.05.2023)"
}

@misc{
	svm,
	title="Support Vector Machines: A Simple Tutorial [Электронный ресурс]",
	howpublished="Режим доступа URL: \url{https://svmtutorial.online/} (дата обращения 10.05.2023)"
}

@misc{
	bert,
	title="Cornell University arxiv [Электронный ресурс]",
	howpublished="Режим доступа URL: \url{https://arxiv.org/abs/1810.04805v2} (дата обращения 10.05.2023)"
}

@misc{
	Python,
	title="Python official page [Электронный ресурс]",
	howpublished="Режим доступа URL: \url{https://www.python.org/} (дата обращения 10.05.2023)"
}

@misc{
	pandas,
	title="Pandas official page [Электронный ресурс]",
	howpublished="Режим доступа URL: \url{https://pandas.pydata.org/} (дата обращения 10.05.2023)"
}


@misc{
	numpy,
	title="Numpy official page [Электронный ресурс]",
	howpublished="Режим доступа URL: \url{https://numpy.org/} (дата обращения 10.05.2023)"
}

@misc{
	matplotlib,
	title="Matplotlib official page [Электронный ресурс]",
	howpublished="Режим доступа URL: \url{https://matplotlib.org/} (дата обращения 10.05.2023)"
}

@misc{
	sklearn,
	title="Scikit-learn official page [Электронный ресурс]",
	howpublished="Режим доступа URL: \url{https://scikit-learn.org/stable/} (дата обращения 10.05.2023)"
}

@misc{
	scipy,
	title="SciPy: official page [Электронный ресурс]",
	howpublished="Режим доступа URL: \url{https://scipy.org/} (дата обращения 12.05.2023)"
}

@misc{
	joblib,
	title="Joblib: running Python functions as pipeline jobs (Official page) [Электронный ресурс]",
	howpublished="Режим доступа URL: \url{https://joblib.readthedocs.io/en/stable/} (дата обращения 19.05.2023)"
}

@misc{
	transformers,
	title="Transformers: official page [Электронный ресурс]",
	howpublished="Режим доступа URL: \url{https://pypi.org/project/transformers/} (дата обращения 19.05.2023)"
}

@misc{
	torch,
	title="Pythorch official page [Электронный ресурс]",
	howpublished="Режим доступа URL: \url{https://pytorch.org/} (дата обращения 10.05.2023)"
}



@book{
    stressAndPatology,
    author="Г.В. Порядина",
	title="Стресс и патология: учеб. пособие",
	publisher="М.: РГМУ",
	year=2009,
	pages=23
}

@book{
    tanenbaum,
    author="Таненбаум Х., Бос Х.",
	title="Современные операционные системы",
	publisher="СПб.: Питер",
	year=2015,
	pages=1120
}

@misc{
	hackerNews,
	title="Hacker News [Электронный ресурс]",
	howpublished="Режим доступа URL: \url{https://news.ycombinator.com/item?id=21926545#:~:text=Please%20note%20that%20only%20the,high%2Dpriority%20option%20is%20orthogonal.} (дата обращения 10.01.2022)"
}



@misc{
	pulseAudioDocumentation,
	title="FreeDesctop.org [Электронный ресурс]",
	howpublished="Режим доступа URL: \url{https://www.freedesktop.org/wiki/Software/PulseAudio/Documentation/User/Modules/#module-alsa-sink} (дата обращения 10.01.2022)"
}

@misc{
	universityOfBirningham,
	title="Лекции университета Бернингема [Электронный ресурс]",
	howpublished="Режим доступа URL: \url{https://www.birmingham.ac.uk/schools/computer-science/index.aspx} (дата обращения 22.12.2021)"
}

@misc{
	VSCode,
	title="Документация Visual Studio Code [Электронный ресурс]",
	howpublished="Режим доступа URL: \url{https://code.visualstudio.com/docs} (дата обращения 22.12.2021)"
}

@misc{
	cLanguage,
	title="Спецификация языка C [Электронный ресурс]",
	howpublished="Режим доступа URL: \url{http://www.open-std.org/jtc1/sc22/wg14/www/docs/n1124.pdf} (дата обращения 22.12.2021)"
}

@misc{
	rosstatInvestigation,
	title="Информационное общество в Российской Федерации, 2020. Статистический сборник [Электронный ресурс]",
	year=2020,
	publisher="М.: НИУ ВШЭ",
	howpublished="Режим доступа URL: \url{https://rosstat.gov.ru/storage/mediabank/lqv3T0Rk/info-ob2020.pdf} (дата обращения 08.12.2021)"
}

@misc{
	losst,
	title="Проект Losst [Электронный ресурс]",
	howpublished="Режим доступа URL: \url{https://losst.ru} (дата обращения 20.12.2021)"
}

@misc{
	realtimeprocesses,
	title="Fatal Errors: Linux Process Scheduling-Real-Time Scheduler Learning Notes [Электронный ресурс]",
	howpublished="Режим доступа URL: \url{https://www.fatalerrors.org/a/linux-process-scheduling-real-time-scheduler_learning-notes.html} (дата обращения 20.12.2021)"
}

@misc{
	sched_deadline,
	title="Проект OpenNET [Электронный ресурс]",
	howpublished="Режим доступа URL: \url{https://www.opennet.ru/opennews/art.shtml?num=38906} (дата обращения 20.12.2021)"
}

@misc{
	scheduling,
	title="Разработка и внедрение системы на встраиваемом Linux: Планирование процессов [Электронный ресурс]",
	howpublished="Режим доступа URL: \url{http://dmilvdv.narod.ru/Translate/ELSDD/index.html} (дата обращения 20.12.2021)"
}

@misc{
	linuxkerneldocs,
	title="The Linux Kernel documentation [Электронный ресурс]",
	howpublished="Режим доступа URL: \url{https://www.kernel.org} (дата обращения 20.12.2021)"
}


@misc{
	linuxPriority,
	title="Programmer All: Linux kernel learning notes (6) [Электронный ресурс]",
	howpublished="Режим доступа URL: \url{https://www.programmerall.com/article/63151049863/} (дата обращения 20.12.2021)"
}

@article{
    linuxTasks,
    author = {Кирьянов Д. А.},
    year = {2007},
    number = 1,
    journal="Сервис в России и за рубежом",
    title = {Модель процессов в современных операционных системах и их реализация в ОС Linux}
}

@article{
    whyMicrophoneIsShit,
    author = {Van Puyvelde, Martine and Neyt, Xavier and McGlone, Francis and Pattyn, Nathalie},
    year = {2018},
    number = 14,
    journal="Frontiers in Psychology",
    volume=9,
    title = {Voice Stress Analysis: A New Framework for Voice and Effort in Human Performance},
    DOI={10.3389/fpsyg.2018.01994}
}

@article{
    professionalStress,
    author = {О.С. Деева},
    year = {2019},
    pages = "140--146",
    number = 14,
    journal="Ученые записки Тамбовского отделения РоСМУ",
    volume=38,
    title = {Причины профессионального стресса и методы его профилактики}
}

@article{
    clientServer,
    author = {Гайнанова Р.Ш., Широкова О.А.},
    year = {2017},
    pages = "79--84",
    number = 9,
    journal="Вестник Казанского технологического университета",
    title = {Создание клиент-серверных приложений}
}

@article{
    http,
    author = {Бондаренко Т.В., Федотов Е.А., Бондаренко А.В.},
    year = {2018},
    number = 2,
    volume = 49,
    journal="ИВД",
    title = {Разработка http сервера}
}

@article{
    fatigueAsSymptom,
    author = {Т.В. Байдина, Т.И. Колесова, Б.В. Малинина},
    year = {2021},
    pages = "37--44",
    number = 2,
    journal="Пермский медицинский журнал",
    volume=38,
    title = {Усталость как симптом неврологических заболеваний},
    doi = {10.17816/pmj38237-44}
}

@article{
    syndromOfChrono,
    author = {Н.В. Пизова, А.В. Пизов},
    year = {2021},
    pages = "10--16",
    journal="Нервные болезни",
    number = 3,
    title = {Когнитивные нарушения и синдром хронической усталости},
    doi = {10.24412/2226-­0757-2021-12349}
}

@article{
    fatigueChronoInvestigation,
    year = {2015},
    journal="The National Academies Collection: Reports funded by National Institutes of Health",
    title = {Committee on the Diagnostic Criteria for Myalgic Encephalomyelitis/Chronic Fatigue Syndrome; Board on the Health of Select Populations; Institute of Medicine},
    doi = {10.17226/19012}
}

@article{
    neuroPhysicalMechasmsOfStress,
    author = {А.В. Долбышев},
    year = {2020},
    pages = "163--167",
    journal="StudNet",
    number = 7,
    title = {Нейрофизиологические механизмы стресса},
    doi = {10.24411/2658-4964-2020-10052}
}

@book{
    encDic,
    author="Прохоров А.М.",
	title="Большой Российский энциклопедический словарь",
	publisher="Большая рос. энциклопедия",
	year=1998,
	pages=1450
}

@article{
	recognitionOfPsycho,
	author="В.И. Васильев, А.Е. Сулавко, Р.В. Борисов",
	title="Распознавание психофизиологических состояний пользователей на основе скрытого мониторинга действий в компьютерных системах",
	journal="ИСКУССТВЕННЫЙ ИНТЕЛЛЕКТ И ПРИНЯТИЕ РЕШЕНИЙ",
	pages="21-37",
	year=2017,
}

@article{
	keystroke,
	author="Е. В. Шкляр, Е. Г. Воробьев, М. Ф. Савельев",
	title="Распознавание клавиатурного почерка в браузере",
	journal="Известия СПбГЭТУ «ЛЭТИ»",
	pages="58-63",
	year=2019,
}

@article{
    intrusionDetection,
    author = {Axelsson, Stefan},
    year = {1999},
    month = {12},
    pages = "1-10",
    title = {The Base-Rate Fallacy and its Implications for the Difficulty of Intrusion Detection},
    doi = {10.1145/319709.319710},
    language="english"
}

@article{
    mouseMethod,
    author = "Р.В. Борисов, Д.Н. Зверев, А.Е. Сулавко",
    year="2015",
    pages="106-113",
    title = "Оценка идентификационных возможностей особенностей работы пользователя с компьютерной мышью",
    journal="Вестник СибАДИ"
}

@article{
    videoMethod,
    author = "И.Б. Лашков, А.М. Кашевник",
    pages="84-96",
    year="2019",
    title = "Определение опасных состояний водителя на основе мобильных видеоизмерений его лицевых характеристик",
    journal="ИНФОРМАЦИОННЫЕ ТЕХНОЛОГИИ И ВЫЧИСЛИТЕЛЬНЫЕ СИСТЕМЫ"
}

@article{
    medObozr,
    author = "М.А. Лебедев, С.Ю. Палатов, Г.В. Ковров",
    pages="282-288",
    year="2014",
    journal="Медицинское обозрение",
    title = "Усталость и ее проявления"
}

@article{
    voiceMethod,
    author = "Киселев В.В.",
    pages="85-89",
    year="2012",
    journal="Технологии и практика обучения",
    title = "Автоматическое определение эмоций по речи"
}

@book{
    fitts,
    author="Д. Раскин",
	title="Интерфейс: новые направления в проектировании компьютерных систем",
	publisher="Символ-плюс",
	year=2010,
	pages=272
}

@misc{
	Kotlin,
	title="Kotlin language specification [Электронный ресурс]",
	howpublished="Режим доступа URL: \url{https://kotlinlang.org/spec/introduction.html} (дата обращения 09.10.2020)"
}

@misc{
	nltk,
	title="NLTK Documentation [Электронный ресурс]",
	howpublished="Режим доступа URL: \url{https://www.nltk.org/} (дата обращения 24.03.2024)"
}

@misc{
	pymorphy,
	title="Морфологический анализатор pymorphy2, документация [Электронный ресурс]",
	howpublished="Режим доступа URL: \url{https://pymorphy2.readthedocs.io/en/stable/} (дата обращения 24.03.2024)"
}

@misc{
	avtoexperts,
	title="AVTOERPERTS.RU [Электронный ресурс]",
	howpublished="Режим доступа URL: \url{www.avtoexperts.ru} (дата обращения 01.04.2020)"
}

@misc{
	znanieavto,
	title="ZNANIEAVTO.RU [Электронный ресурс]",
	howpublished="Режим доступа URL: \url{www.znanieavto.ru/} (дата обращения 01.04.2020)"
}

@misc{
	yandRes,
	title="Исследование Яндекс: Время работы организаций [Электронный ресурс]",
	howpublished="Режим доступа URL: \url{https://yandex.ru/company/researches/2014/ya_time_regions.} (дата обращения 01.04.2020)"
}

@misc{
	postgres,
	title="PostgreSQL: The World's Most Advanced Open Source Relational Database (official page) [Электронный ресурс]",
	howpublished="Режим доступа URL: \url{https://www.postgresql.org/} (дата обращения 24.03.2024)"
}

@misc{
	csv,
	title="CSV, Comma Separated Values (RFC 4180) [Электронный ресурс]",
	howpublished="Режим доступа URL: \url{https://www.loc.gov/preservation/digital/formats/fdd/fdd000323.shtml} (дата обращения 24.03.2024)"
}

@misc{
	ryadi,
	title="TProger : Знакомство с InfluxDB и базами данных временных рядов [Электронный ресурс]",
	howpublished="Режим доступа URL: \url{https://tproger.ru/translations/influxdb-guide/} (дата обращения 01.04.2020)"
}

@misc{
	measureTimeMillis,
	title="Kotlin Documentation: measureTimeMillis [Электронный ресурс]",
	howpublished="Режим доступа URL: \url{https://kotlinlang.org/api/latest/jvm/stdlib/kotlin.system/measure-time-millis.html} (дата обращения 01.04.2020)"
}

@misc{
	influxClient,
	title="The Kotlin InfluxDB 2.0 Client Github [Электронный ресурс]",
	howpublished="Режим доступа URL: \url{https://github.com/influxdata/influxdb-client-java/tree/master/client-kotlin} (дата обращения 13.12.2021)"
}

@misc{
	influxApi,
	title="Influx Data: InfluxDB v2 API [Электронный ресурс]",
	howpublished="Режим доступа URL: \url{https://docs.influxdata.com/influxdb/v2.1/reference/api/} (дата обращения 13.12.2021)"
}

@misc{
	clientServerProt,
	title="Учебно-методические материалы для судентов кафедры АСОИУ: архитектура клиент-сервер [Электронный ресурс]",
	howpublished="Режим доступа URL: \url{https://www.4stud.info/networking/lecture5.html} (дата обращения 13.12.2021)"
}

@misc{
	http11,
	title="Официальная документация HTTP/1.1 [Электронный ресурс]",
	howpublished="Режим доступа URL: \url{https://datatracker.ietf.org/doc/html/rfc2616} (дата обращения 13.12.2021)"
}

@misc{
	mvcInfo,
	title="Обобщенный Model-View-Controller (Сергей Рогачёв) [Электронный ресурс]",
	howpublished="Режим доступа URL: \url{http://rsdn.org/article/patterns/generic-mvc.xml} (дата обращения 14.12.2021)"
}

@misc{
	mvcHabr,
	title="Паттерны для новичков: MVC vs MVP vs MVVM [Электронный ресурс]",
	howpublished="Режим доступа URL: \url{https://habr.com/ru/post/215605/} (дата обращения 14.12.2021)"
}

@misc{
	inchTool,
	title="Infludata: InfluxDB inch tool [Электронный ресурс]",
	howpublished="Режим доступа URL: \url{https://docs.influxdata.com/influxdb/v1.8/tools/inch/} (дата обращения 01.04.2020)"
}

@misc{
	jmeter,
	title="Apache Jmeter [Электронный ресурс]",
	howpublished="Режим доступа URL: \url{https://jmeter.apache.org/usermanual/realtime-results.html} (дата обращения 01.04.2020)"
}

@misc{
	influxdbClientKotlin,
	title="InfluxDB Client Kotlin [Электронный ресурс]",
	howpublished="Режим доступа URL: \url{https://github.com/influxdata/influxdb-client-java/tree/master/client-kotlin} (дата обращения 01.04.2020)"
}

@misc{
	jdbc,
	title="Oracle: Develop Java applications with Oracle Database [Электронный ресурс]",
	howpublished="Режим доступа URL: \url{https://www.oracle.com/ru/database/technologies/appdev/jdbc.html} (дата обращения 01.04.2020)"
}

@misc{
	OpenTSDB,
	title="Национальная библиотека им. Н. Э. Баумана Bauman National Library [Электронный ресурс]",
	howpublished="Режим доступа URL: \url{ru.bmstu.wiki} (дата обращения 01.05.2021)"
}

@misc{
	Oracle,
	title="Oracle.com [Электронный ресурс]",
	howpublished="Режим доступа URL: \url{www.oracle.com} (дата обращения 01.05.2021)"
}

@misc{
	2hpc,
	title="Онлайн справочник пользователя ПК [Электронный ресурс]",
	howpublished="Режим доступа URL: \url{www.2hpc.ru/} (дата обращения 10.04.2020)"
}

@misc{
	minzdrav,
	title="Министерство здравоохранения Ульяновской области [Электронный ресурс]",
	howpublished="Режим доступа URL: \url{www.med.ulgov.ru/informasiya/5331/9316.html} (дата обращения 10.04.2020)"
}

@misc{
	belmapo,
	title="ГУО 'Белорусская медицинская академия последипломного образования' [Электронный ресурс]",
	howpublished="Режим доступа URL: \url{www.belmapo.by/tri-stadii-stressa.html} (дата обращения 10.04.2020)"
}

@misc{
	kkb3,
	title="ГБУЗ Краевая Больница №3 министерства здравоохранения Краснодарского края [Электронный ресурс]",
	howpublished="Режим доступа URL: \url{kkb3.ru/patients/medprof/27-stress-prichiny-simptomy-profilaktika} (дата обращения 10.04.2020)"
}

@article{
	ProfStress,
	author="И.С. Мартынов, Е.Ю. Гузенко",
	title="Профессиональный стресс как фактор, влияющий на производительность труда работников АПК Волгоградской области",
	journal="Журнал №3",
	volume=43,
	year=2016
}

@book{
    Libermann,
	author="А.Н. Либерман",
	title="ТЕХНОГЕННАЯ БЕЗОПАСНОСТЬ: ЧЕЛОВЕЧЕСКИЙ ФАКТОР",
	publisher="Гамма-7",
	year=2006,
	pages=101
}

@book{
    Vigoranie,
	author="Водопьянова Н.Е., Старченкова Е.С.",
	title="Синдром выгорания",
	publisher="Питер",
	year=2008,
	pages=258
}

@misc{
	MSD,
	title="Справочник MSD: Профессиональная версия [Электронный ресурс]",
	howpublished="Режим доступа URL: \url{www.msdmanuals.com} (дата обращения 01.04.2020)"
}

@article{
	burnout,
	author="Gallup",
	title="Employee Burnout: Causes and Cures",
	journal="Gallup",
	pages="32",
	language="english",
	year=2020,
}

@book{
    Prichini,
	author="Макарова Г.А.",
	title="Синдром эмоционального выгорания",
	publisher="Просвящение",
	year=2009,
	pages=432
}

@article{
	SHU,
	author="Е.А. Пигарова, А.В. Плещева",
	title="Синдром хронической усталости: современные представления об этиологии",
	journal="Ожирение и метаболизм",
	pages="13",
	year=2010,
}

@misc{
	CompanyProblem,
	author="Jennifer Moss",
	language="english",
	title="Burnout Is About Your Workplace, Not Your People [Электронный ресурс]",
	howpublished="Режим доступа URL: \url{https://hbr.org/2019/12/burnout-is-about-your-workplace-not-your-people} (дата обращения 27.03.2021)"
}
